<?xml version="1.0" encoding="UTF-8"?><record xmlns="http://www.loc.gov/MARC21/slim" xmlns:cinclude="http://apache.org/cocoon/include/1.0" xmlns:zs="http://www.loc.gov/zing/srw/">
  <leader>00439cz  a2200133n  4500</leader>
  <controlfield tag="001">n  90604954 </controlfield>
  <controlfield tag="003">DLC</controlfield>
  <controlfield tag="005">19900608070233.1</controlfield>
  <controlfield tag="008">900124n| acannaab|          |n aaa |||  </controlfield>
  <datafield tag="010" ind1=" " ind2=" ">
    <subfield code="a">n  90604954 </subfield>
  </datafield>
  <datafield tag="040" ind1=" " ind2=" ">
    <subfield code="a">DLC</subfield>
    <subfield code="c">DLC</subfield>
    <subfield code="d">DLC</subfield>
  </datafield>
  <datafield tag="100" ind1="1" ind2="0">
    <subfield code="a">Milko, George</subfield>
  </datafield>
  <datafield tag="670" ind1=" " ind2=" ">
    <subfield code="a">Meehan, T.A. Everyday contracts, 1989:</subfield>
    <subfield code="b">p. iii (George Milko)</subfield>
  </datafield>
  <datafield tag="670" ind1=" " ind2=" ">
    <subfield code="a">His Everyday contracts, 1991:</subfield>
    <subfield code="b">CIP t.p. (George Milko) info. from pub. (George E. Milko; member, D.C. Bar)</subfield>
  </datafield>
</record>